<record><leader>00000cas a2200000 a 4500</leader><controlfield tag="001">2259220</controlfield><controlfield tag="008">760620d19601973iludn ne      0   a0eng c</controlfield><datafield ind1=" " ind2=" " tag="010"><subfield code="a">sn 85047507 </subfield></datafield><datafield ind1=" " ind2=" " tag="040"><subfield code="a">PIT</subfield><subfield code="b">eng</subfield><subfield code="c">PIT</subfield><subfield code="d">NSD</subfield><subfield code="d">OCL</subfield><subfield code="d">NPI</subfield><subfield code="d">NJW</subfield><subfield code="d">NYS</subfield><subfield code="d">DLC</subfield><subfield code="d">NJW</subfield><subfield code="d">KNP</subfield><subfield code="d">DLC</subfield><subfield code="d">MFN</subfield><subfield code="d">NVF</subfield><subfield code="d">OBN</subfield><subfield code="d">CVF</subfield><subfield code="d">DCN</subfield><subfield code="d">CVF</subfield><subfield code="d">OCL</subfield><subfield code="d">OCLCQ</subfield><subfield code="d">IUL</subfield><subfield code="d">OCLCF</subfield><subfield code="d">NVF</subfield><subfield code="d">OCLCO</subfield><subfield code="d">DLC</subfield></datafield><datafield ind1=" " ind2=" " tag="019"><subfield code="a">1554152</subfield></datafield><datafield ind1="0" ind2=" " tag="022"><subfield code="a">2572-5297</subfield><subfield code="2">1</subfield></datafield><datafield ind1=" " ind2=" " tag="042"><subfield code="a">pcc</subfield><subfield code="a">nsdp</subfield></datafield><datafield ind1=" " ind2=" " tag="043"><subfield code="a">n-us-il</subfield></datafield><datafield ind1="1" ind2="0" tag="050"><subfield code="a">ISSN RECORD</subfield></datafield><datafield ind1="1" ind2="0" tag="082"><subfield code="a">071.3</subfield><subfield code="2">23</subfield></datafield><datafield ind1="0" ind2=" " tag="130"><subfield code="a">Chicago daily defender (Chicago, Ill. : Daily)</subfield></datafield><datafield ind1=" " ind2="0" tag="222"><subfield code="a">Chicago daily defender</subfield><subfield code="b">(Chicago, Ill. Daily)</subfield></datafield><datafield ind1="1" ind2="0" tag="245"><subfield code="a">Chicago daily defender.</subfield></datafield><datafield ind1="3" ind2="0" tag="246"><subfield code="a">Daily defender</subfield></datafield><datafield ind1=" " ind2=" " tag="260"><subfield code="a">Chicago, Ill. :</subfield><subfield code="b">R.S. Abbott Pub. Co.,</subfield><subfield code="c">1960-1973.</subfield></datafield><datafield ind1=" " ind2=" " tag="300"><subfield code="a">v.</subfield></datafield><datafield ind1=" " ind2=" " tag="310"><subfield code="a">Daily (Monday through Thursday)</subfield></datafield><datafield ind1=" " ind2=" " tag="336"><subfield code="a">text</subfield><subfield code="b">txt</subfield><subfield code="2">rdacontent</subfield></datafield><datafield ind1=" " ind2=" " tag="337"><subfield code="a">unmediated</subfield><subfield code="b">n</subfield><subfield code="2">rdamedia</subfield></datafield><datafield ind1=" " ind2=" " tag="338"><subfield code="a">volume</subfield><subfield code="b">nc</subfield><subfield code="2">rdacarrier</subfield></datafield><datafield ind1="0" ind2=" " tag="362"><subfield code="a">Vol. 5, no. 158 (Nov. 8, 1960)-v. 18, no. 7 (Feb. 15, 1973).</subfield></datafield><datafield ind1=" " ind2=" " tag="580"><subfield code="a">Weekly eds.: Chicago defender (Chicago, Ill. : 1909), 1960-1966; Chicago daily defender (Chicago, Ill. : Weekly), 1966-1973.</subfield></datafield><datafield ind1=" " ind2="0" tag="650"><subfield code="a">African Americans</subfield><subfield code="z">Illinois</subfield><subfield code="z">Chicago</subfield><subfield code="v">Newspapers.</subfield></datafield><datafield ind1=" " ind2="0" tag="651"><subfield code="a">Chicago (Ill.)</subfield><subfield code="v">Newspapers.</subfield></datafield><datafield ind1=" " ind2="0" tag="651"><subfield code="a">Cook County (Ill.)</subfield><subfield code="v">Newspapers.</subfield></datafield><datafield ind1=" " ind2="7" tag="650"><subfield code="a">African Americans.</subfield><subfield code="2">fast</subfield><subfield code="0">(OCoLC)fst00799558</subfield></datafield><datafield ind1=" " ind2="7" tag="651"><subfield code="a">Illinois</subfield><subfield code="z">Chicago.</subfield><subfield code="2">fast</subfield><subfield code="0">(OCoLC)fst01204048</subfield></datafield><datafield ind1=" " ind2="7" tag="651"><subfield code="a">Illinois</subfield><subfield code="z">Cook County.</subfield><subfield code="2">fast</subfield><subfield code="0">(OCoLC)fst01205334</subfield></datafield><datafield ind1=" " ind2="7" tag="655"><subfield code="a">Newspapers.</subfield><subfield code="2">fast</subfield><subfield code="0">(OCoLC)fst01423814</subfield></datafield><datafield ind1=" " ind2=" " tag="752"><subfield code="a">United States</subfield><subfield code="b">Illinois</subfield><subfield code="c">Cook</subfield><subfield code="d">Chicago.</subfield></datafield><datafield ind1="1" ind2=" " tag="775"><subfield code="t">Chicago defender (Chicago, Ill. : 1906)</subfield><subfield code="w">(DLC)sn 84037018</subfield><subfield code="w">(OCoLC)1554153</subfield></datafield><datafield ind1="1" ind2=" " tag="775"><subfield code="t">Chicago daily defender (Chicago, Ill. : Weekly)</subfield><subfield code="w">(DLC)sn 84024113</subfield><subfield code="w">(OCoLC)10523036</subfield></datafield><datafield ind1="0" ind2="8" tag="776"><subfield code="i">Online version:</subfield><subfield code="t">Chicago daily defender</subfield><subfield code="w">(DLC)  2013238089</subfield><subfield code="w">(OCoLC)69329462</subfield></datafield><datafield ind1="0" ind2="0" tag="780"><subfield code="t">Daily defender</subfield><subfield code="w">(DLC)sn 88074246</subfield><subfield code="w">(OCoLC)17682179</subfield></datafield><datafield ind1="0" ind2="0" tag="785"><subfield code="t">Chicago defender (Chicago, Ill. : Daily)</subfield><subfield code="x">0745-7014</subfield><subfield code="w">(DLC)sn 83007383</subfield><subfield code="w">(OCoLC)9387279</subfield></datafield><datafield ind1="1" ind2=" " tag="029"><subfield code="a">AU@</subfield><subfield code="b">000020439463</subfield></datafield></record>